@article{Cao_2012,
  doi = {10.1002/jbm.b.32811},
  url = {http://dx.doi.org/10.1002/jbm.b.32811},
  year = {2012},
  month = {sep},
  publisher = {Wiley-Blackwell},
  volume = {101B},
  number = {1},
  pages = {43--49},
  author = {Jake D. Cao and Penny Martens and Kevin J. Laws and Philip Boughton and Michael Ferry},
  title = {{Quantitative in vitro assessment of Mg 65 Zn 30 Ca 5 degradation and its effect on cell viability}},
  journal = {J. Biomed. Mater. Res.},
}
